<record xmlns="http://www.loc.gov/MARC21/slim" xmlns:xsi="http://www.w3.org/2001/XMLSchema-instance" xsi:schemaLocation="http://www.loc.gov/MARC21/slim http://www.loc.gov/standards/marcxml/schema/MARC21slim.xsd"><leader>00830nz   2200205n  4500</leader><controlfield tag="001">oca01267875 </controlfield><controlfield tag="005">19850325000000.0</controlfield><controlfield tag="008">850123n| acannaab|          |a aaa |||  </controlfield><datafield ind1=" " ind2=" " tag="010"><subfield code="a">n  84133329 </subfield></datafield><datafield ind1=" " ind2=" " tag="040"><subfield code="a">InU</subfield><subfield code="c">DLC</subfield></datafield><datafield ind1="0" ind2=" " tag="100"><subfield code="a">Babrius.</subfield></datafield><datafield ind1="1" ind2=" " tag="400"><subfield code="a">Babrius, Valerius</subfield></datafield><datafield ind1="0" ind2=" " tag="400"><subfield code="a">Babrias</subfield></datafield><datafield ind1="0" ind2=" " tag="400"><subfield code="a">Gabrias</subfield></datafield><datafield ind1=" " ind2=" " tag="670"><subfield code="a">His Babrii Fabulae Aesopeae, 1897.</subfield></datafield><datafield ind1=" " ind2=" " tag="670"><subfield code="a">Lex. d. alten Welt</subfield><subfield code="b">(Babrius; maybe Valerius Babrius; lived in the late 1st cent. A.D.)</subfield></datafield><datafield ind1=" " ind2=" " tag="670"><subfield code="a">New cent. classical hdbk.</subfield><subfield code="b">(Babrius; also Babrias, Gabrias; fl. possibly in 1st cent. A.D. or later in Syria)</subfield></datafield><datafield ind1=" " ind2=" " tag="670"><subfield code="a">Oxford classical dict., 2d ed</subfield><subfield code="b">(Babrius, [Valerius?]; prob. a hellenized Roman; not later than 2nd cent. A.D.)</subfield></datafield><datafield ind1=" " ind2=" " tag="670"><subfield code="a">Encyc. Brit., 15th ed.</subfield><subfield code="b">(Babrius; prob. 2nd. cent. A.D.)</subfield></datafield><datafield ind1=" " ind2=" " tag="670"><subfield code="a">LC data base, 1/14/85</subfield><subfield code="b">(hdg.: Babrius)</subfield></datafield></record>